<record><leader>00000cas a2200000 a 4500</leader><controlfield tag="001">13748424</controlfield><controlfield tag="008">860619d18931894okuwr ne      0    0eng d</controlfield><datafield ind1=" " ind2=" " tag="010"><subfield code="a">sn 86063937 </subfield></datafield><datafield ind1=" " ind2=" " tag="040"><subfield code="a">KSH</subfield><subfield code="b">eng</subfield><subfield code="c">KSH</subfield><subfield code="d">NPT</subfield><subfield code="d">OBN</subfield><subfield code="d">OCL</subfield><subfield code="d">OCLCQ</subfield><subfield code="d">OCLCO</subfield></datafield><datafield ind1="1" ind2=" " tag="029"><subfield code="a">AU@</subfield><subfield code="b">000022169190</subfield></datafield><datafield ind1=" " ind2=" " tag="042"><subfield code="a">msc</subfield></datafield><datafield ind1=" " ind2=" " tag="043"><subfield code="a">n-us-ok</subfield></datafield><datafield ind1="0" ind2="4" tag="245"><subfield code="a">The El Reno democrat and courier-tribune.</subfield></datafield><datafield ind1=" " ind2=" " tag="260"><subfield code="a">El Reno, Okla. Terr. [Okla.] :</subfield><subfield code="b">D.W. Perry, T.F. Hensley</subfield></datafield><datafield ind1=" " ind2=" " tag="300"><subfield code="a">v.</subfield></datafield><datafield ind1=" " ind2=" " tag="310"><subfield code="a">Weekly</subfield></datafield><datafield ind1="0" ind2=" " tag="362"><subfield code="a">Vol. 4, no. 41 (Nov. 16, 1893)-v. 5, no. 1 (Feb. 8, 1894).</subfield></datafield><datafield ind1=" " ind2="0" tag="651"><subfield code="a">El Reno (Okla.)</subfield><subfield code="v">Newspapers.</subfield></datafield><datafield ind1=" " ind2="0" tag="651"><subfield code="a">Canadian County (Okla.)</subfield><subfield code="v">Newspapers.</subfield></datafield><datafield ind1=" " ind2="0" tag="651"><subfield code="a">Oklahoma Territory (Okla.)</subfield><subfield code="v">Newspapers.</subfield></datafield><datafield ind1=" " ind2=" " tag="752"><subfield code="a">United States</subfield><subfield code="b">Oklahoma</subfield><subfield code="c">Canadian</subfield><subfield code="d">El Reno.</subfield></datafield><datafield ind1="0" ind2="4" tag="780"><subfield code="t">Canadian County courier and courier-tribune</subfield><subfield code="w">(DLC)sn 86063936</subfield><subfield code="w">(OCoLC)13748411</subfield></datafield><datafield ind1="0" ind2="4" tag="780"><subfield code="t">Reno democrat (El Reno, Okla. : 1893)</subfield><subfield code="w">(DLC)sn 97064755</subfield><subfield code="w">(OCoLC)36303789</subfield></datafield><datafield ind1="0" ind2="0" tag="785"><subfield code="t">Reno democrat (El Reno, Okla. : 1894)</subfield><subfield code="w">(DLC)sn 86063938</subfield><subfield code="w">(OCoLC)13748702</subfield></datafield></record>